@article{giavia2015acute,
  title={Acute compartment syndrome},
  author={Giai Via, A.},
  journal={Muscles, Ligaments and Tendons Journal},
  year={2015},
  url={https://www.ncbi.nlm.nih.gov/pmc/articles/PMC4396671/}
}

@article{guo2019acute,
  title={Acute compartment syndrome},
  author={Guo, J. and Yin, Y. and Jin, L. and Zhang, R. and Hou, Z. and Zhang, Y.},
  journal={Medicine},
  volume={98},
  number={27},
  pages={e16260},
  month={Jul},
  year={2019},
  doi={https://doi.org/10.1097/md.0000000000016260}
}

@inproceedings{li2019novel,
  title={A novel flexible wireless pressure sensor for diagnosis of the osteofascial compartment syndrome},
  author={Li, Haochen and Zhou, Shou and Fan, Chuyi and Zhu, Xiaobo and Huang, Han and Gu, Wenhua},
  booktitle={9th International Symposium on Advanced Optical Manufacturing and Testing Technologies: Optoelectronic Materials and Devices for Sensing and Imaging},
  volume={10843},
  pages={73--84},
  year={2019},
  organization={SPIE}
}

@misc{pennmedicine2023,
  author={Penn Medicine},
  title={Compartment Syndrome},
  year={2023},
  url={https://www.pennmedicine.org/for-patients-and-visitors/patient-information/conditions-treated-a-to-z/compartment-syndrome#:~:text=Definition},
}

@book{torlincasi2023acute,
  author={Torlincasi, A. M.},
  title={Acute Compartment Syndrome},
  year={2023},
  url={https://www.ncbi.nlm.nih.gov/books/NBK448124/#:~:text=Measurement%20of%20intracompartmental%20pressure%20is},
  publisher = {StatPearls Publishing},
}

@article{klenerman2007evolution,
  title={The evolution of the compartment syndrome since 1948 as recorded in the JBJS (B)},
  author={Klenerman, L.},
  journal={The Journal of Bone \& Joint Surgery British Volume},
  volume={89-B},
  number={10},
  pages={1280--1282},
  year={2007},
  doi={https://doi.org/10.1302/0301-620X.89B10.19717}
}

@article{gu2021new,
  title={A new flexible pressure sensor contributes to the early diagnosis of acute compartment syndrome},
  author={Gu, Y. and Yang, W. and Huang, H. and Gu, W.},
  journal={International journal of clinical and experimental pathology},
  volume={14},
  number={6},
  pages={768--775},
  year={2021},
  url={https://www.ncbi.nlm.nih.gov/pmc/articles/PMC8255205/}
}

@article{uslu2000can,
  title={Can skin surface pressure under a cast reveal intracompartmental pressure?},
  author={Uslu, M. M. and Apan, A.},
  journal={Archives of Orthopaedic and Trauma Surgery},
  volume={120},
  number={5--6},
  pages={319--322},
  month={Apr},
  year={2000},
  doi={https://doi.org/10.1007/s004020050472}
}

@article{andrews1990neurovascular,
  title={Neurovascular assessment},
  author={Andrews, L. W.},
  journal={Advancing clinical care: official journal of NOAADN},
  volume={5},
  number={6},
  pages={5--7},
  year={1990},
  url={https://pubmed.ncbi.nlm.nih.gov/2222741/}
}

@misc{hammerberg2023,
  author={Hammerberg, M.},
  title={Acute Compartment Syndrome of the Extremities},
  year={2023},
  url={https://www.uptodate.com/contents/acute-compartment-syndrome-of-the-extremities#H8}
}

@techreport{allen2020classification,
  author={Allen, P. and Barkin, N.},
  title={Classification of Intracompartmental Pressure Monitor Devices under Product Code LXC},
  institution={FDA.gov; United States Federal Food and Drug Administration},
  year={2020},
  url={https://www.fda.gov/media/141904/download}
}

@article{ULIASZ2003143,
title = {Comparing the methods of measuring compartment pressures in acute compartment syndrome},
journal = {The American Journal of Emergency Medicine},
volume = {21},
number = {2},
pages = {143-145},
year = {2003},
issn = {0735-6757},
doi = {https://doi.org/10.1053/ajem.2003.50035},
url = {https://www.sciencedirect.com/science/article/pii/S073567570242236X},
author = {Annemarie Uliasz and Jay T. Ishida and Jason K. Fleming and Loren G. Yamamoto},
}

@article{witthauer2020portable,
  title={Portable Oxygen-Sensing Device for the Improved Assessment of Compartment Syndrome and other Hypoxia-Related Conditions},
  author={Witthauer, L. and Cascales, J. P. and Roussakis, E. and Li, X. and Goss, A. and Chen, Y. and Evans, C. L.},
  journal={ACS Sensors},
  volume={6},
  number={1},
  pages={43--53},
  year={2020},
  doi={https://doi.org/10.1021/acssensors.0c01686}
}

@incollection{Sellei21,
author = {Richard Martin Sellei and Philipp Kobbe and Frank Hildebrand},
title = {Non-Invasive Diagnostics in Acute Compartment Syndrome},
booktitle = {A Comprehensive Review of Compartment Syndrome},
publisher = {IntechOpen},
address = {Rijeka},
year = {2021},
editor = {Saqeb Beig Mirza and Khaled Elawady},
chapter = {5},
doi = {10.5772/intechopen.97874},
url = {https://doi.org/10.5772/intechopen.97874}
}

@article{katz2008infrared,
  title={Infrared imaging of trauma patients for detection of acute compartment syndrome of the leg*},
  author={Katz, L. Y. and others},
  journal={Critical care medicine},
  volume={36},
  number={6},
  pages={1756--1761},
  month={Jun},
  year={2008},
  doi={https://doi.org/10.1097/ccm.0b013e318174d800}
}

@article{schmidt2018continuous,
  title={Continuous Near-Infrared Spectroscopy Demonstrates Limitations in Monitoring the Development of Acute Compartment Syndrome in Patients with Leg Injuries},
  author={Schmidt, A. H. and others},
  journal={The Journal of Bone \& Joint Surgery},
  volume={100},
  number={19},
  pages={1645--1652},
  month={Oct},
  year={2018},
  doi={https://doi.org/10.2106/jbjs.17.01495}
}

@article{joseph2006measurement,
  title={Measurement of tissue hardness: can this be a method of diagnosing compartment syndrome noninvasively in children?},
  author={Joseph, B. and others},
  journal={Journal of Pediatric Orthopaedics B},
  volume={15},
  number={6},
  pages={443--448},
  month={Nov},
  year={2006},
  doi={https://doi.org/10.1097/01.bpb.0000236226.21949.5c}
}

@misc{ferrari2019sensei,
  author={Ferrari, C. and Ho, K. and Thomas, B. and Tovar, A.},
  title={SENSEI ‘The Cast Master’},
  year={2019},
  url={https://fisher.wharton.upenn.edu/wp-content/uploads/2019/06/SENSEI}
}

@article{reis2018probabilistic,
  title={Probabilistic Random Forest: A Machine Learning Algorithm for Noisy Data Sets},
  author={Reis, I. and Baron, D. and Shahaf, S.},
  journal={The Astronomical Journal},
  volume={157},
  number={1},
  pages={16},
  month={Dec},
  year={2018},
  doi={https://doi.org/10.3847/1538-3881/aaf101}
}

@article{boody2005accuracy,
  title={Accuracy in the Measurement of Compartment Pressures: A Comparison of Three Commonly Used Devices},
  author={Boody, A. R.},
  journal={The Journal of Bone and Joint Surgery (American)},
  volume={87},
  number={11},
  pages={2415},
  month={Nov},
  year={2005},
  doi={https://doi.org/10.2106/jbjs.d.02826}
}